@book{Gumperz1996,
   title =     {Rethinking Linguistic Relativity},
   author =    {John J. Gumperz and Stephen C. Levinson},
   publisher = {Cambridge University Press},
   year =      {1996},
   series =    {Studies in the Social and Cultural Foundations of Language 17},
}
@misc{scipy,
  author =    {Eric Jones and Travis Oliphant and Pearu Peterson and others},
  title =     {{SciPy}: Open source scientific tools for {Python}},
  year =      {2001},
  url = {http://www.scipy.org/}
}

@article{deLeeuw2005,
   author = {Jan de Leeuw},
   title = {On Abandoning {XLISP-STAT}},
   journal = {Journal of Statistical Software},
   volume = {13},
   number = {1},
   year = {2005},
   pages = {1--5},
   doi = {10.18637/jss.v013.i07},
   url = {https://www.jstatsoft.org/index.php/jss/article/view/v013i07}
}


@book{Moler1980,
	Address = {Albuquerque, NM},
	Author = {Moler, Cleve B.},
	institution = {University of New Mexico, Department of Mathematics and Statistics},
	number = {369},
	Title = {{MATLAB}--an interactive matrix laboratory},
	Year = {1980}
}

@inbook{Moler1982,
	Address = {Berlin, Heidelberg},
	Author = {Moler, Cleve B.},
	Booktitle = {Numerical Analysis: Proceedings of the Third IIMAS Workshop Held at Cocoyoc, Mexico, January 1981},
	Chapter = {8},
	Doi = {10.1007/BFb0092962},
	Editor = {Hennart, J. P.},
	Pages = {84--98},
	Publisher = {Springer},
	Series = {Lecture Notes in Mathematics},
	Title = {Demonstration of a matrix laboratory},
	Volume = {909},
	Year = {1982}
}

@phdthesis{Bezanson2015,
author = {Bezanson, Jeffrey Werner},
school = {Massachusetts Institute of Technology},
title = {Abstraction in Technical Computing},
url = {http://hdl.handle.net/1721.1/99811},
year = {2015}
}

@url{underappreciated,
author={Loren Shure},
year={2008},
Title={Under-appreciated accumarray},
URL={http://blogs.mathworks.com/loren/2008/02/20/under-appreciated-accumarray/}
}

@url{accumarray,
	Author = {{The MathWorks, Inc.}},
	Title = {{accumarray}: construct array with accumulation},
	Url = {https://www.mathworks.com/help/matlab/ref/accumarray.html},
	year = {2016}
}

@url{Shure2013,
	Author = {Loren Shure and Sarah Wait Zaranek},
	Title = {Introduction to the New {MATLAB} Data Types in {R2013b}},
	Url = {http://blogs.mathworks.com/loren/2013/09/10/introduction-to-the-new-matlab-data-types-in-r2013b},
	year = {2013},
month=sep
}


@article{Friendly1994,
	Author = {Michael Friendly and John Fox},
	Doi = {10.1080/10618600.1994.10474654},
	Journal = {Journal of Computational and Graphical Statistics},
	Number = {4},
	Pages = {387-407},
	Title = {Using {APL2} to Create an Object-Oriented Environment for Statistical Computation},
	Volume = {3},
	Year = {1994},
}

@book{Fortran1,
Title={Fortran: automatic coding system for the {IBM 704}},
Author={J W Backus and R J Beeber and S est and R Goldberg and H L Herrick and R A Hughes and L B Mitchell and R A Nelson and R Nutt and D Sayre and P B Sheridan and H Stern adn I Ziller},
Publisher={International Business Machines Corporation},
Address={New York, NY},
Year={1956},
month=oct,
url={https://www.fortran.com/FortranForTheIBM704.pdf}
}

@book{dyalog15,
title={{D}yalog {APL}: Language Reference Guide, Dyalog version 15.0},
year={2016},
month=sep,
author={{Dyalog, Ltd.}},
address={Bramley, UK},
url={http://docs.dyalog.com/15.0/Dyalog%20APL%20Language%20Reference%20Guide.pdf}
}

@article{Sammet1972,
 author = {Sammet, Jean E.},
 title = {Programming Languages: History and Future},
 journal = {Communications of the {ACM}},
 volume = {15},
 number = {7},
 month = jul,
 year = {1972},
 issn = {0001-0782},
 pages = {601--610},
 numpages = {10},
 doi = {10.1145/361454.361485},
}


@article{Brown1976,
	Author = {Roger Brown},
	Journal = {Cognition},
	Number = {2},
	Pages = {125 - 153},
	Title = {Reference in memorial tribute to {E}ric {L}enneberg},
	Volume = {4},
	Year = {1976},
	doi = {10.1016/0010-0277(76)90001-9}
}

@book{Anscombe1981,
	Address = {New York, NY},
	Author = {Anscombe, Francis John},
	Title = {Computing in Statistical Science through {APL}},
	Doi = {10.1007/978-1-4613-9450-1},
	Publisher = {Springer New York},
	Year = {1981},
}

@INPROCEEDINGS{Phillips2014,
author={J. C. Phillips and J. E. Stone and K. L. Vandivort and T. G. Armstrong and J. M. Wozniak and M. Wilde and K. Schulten},
booktitle={High Performance Technical Computing in Dynamic Languages (HPTCDL), 2014 First Workshop for},
title={Petascale {Tcl} with {NAMD}, {VMD}, and {Swift/T}},
year={2014},
pages={6-17},
doi={10.1109/HPTCDL.2014.7},
month={Nov},}

@article{Sapir1929,
	Author = {E Sapir},
	Journal = {Language},
	Month = dec,
	Number = {4},
	Pages = {207-214},
	Title = {The status of linguistics as a science},
	Url = {www.jstor.org/stable/409588},
	Volume = {5},
	Year = {1929}}

@incollection{Whorf1956sl,
	Address = {New York},
	Author = {Benjamin Lee Whorf},
	Booktitle = {Language, Thought and Reality: Selected Writings of Benjamin Lee Whorf},
	Editor = {J B Carroll},
	Publisher = {MIT Press \& John Wiley},
	Title = {Science and Linguistics},
	Url = {https://archive.org/stream/languagethoughtr00whor#page/264/mode/2up},
	Year = {1956},
}

@incollection{Whorf1956lmr,
	Address = {New York},
	Author = {Benjamin Lee Whorf},
	Booktitle = {Language, Thought and Reality: Selected Writings of Benjamin Lee Whorf},
	Editor = {J B Carroll},
	Publisher = {MIT Press \& John Wiley},
	Title = {Language, Mind and Reality},
	Url = {https://archive.org/stream/languagethoughtr00whor#page/264/mode/2up},
	Year = {1956}
}

@article{Wickham2011,
	Author = {Wickham, Hadley},
	Journal = {Journal of Statistical Software},
	Number = {1},
	Pages = {1--29},
	Title = {The Split-Apply-Combine Strategy for Data},
	Url = {http://www.jstatsoft.org/v40/i01/},
	Volume = {40},
	Year = {2011},
}
